%% Add here all references not provided by other bib files

@article{blum1989,
	author = "Blum, Lenore and Shub, Mike and Smale, Steve",
	fjournal = "Bulletin (New Series) of the American Mathematical Society",
	journal = "Bull. Amer. Math. Soc. (N.S.)",
	month = "07",
	number = "1",
	pages = "1--46",
	publisher = "American Mathematical Society",
	title = "On a theory of computation and complexity over the real numbers: $NP$- completeness, recursive functions and universal machines",
	url = "https://projecteuclid.org:443/euclid.bams/1183555121",
	volume = "21",
	year = "1989"
}

@phdthesis{durand-lose03hdr,
	hal = {tel-00548817},
	author = {Durand-{L}ose, J{\'e}r{\^o}me},
	title = {Calculer g{\'e}om{\'e}triquement sur le plan --~machines {\`a} signaux},
	school = {{\'E}cole Doctorale STIC, Universit{\'e} de Nice-Sophia Antipolis},
	year = {2003},
	type = {Habilitation {\`a} {D}iriger des {R}echerches},
	note = {In French},
	xx_note = {\textsf{http://perso.ens-lyon.fr/jerome.durand-lose/Hdr}},
	langid = {french},
	pdf = {HDR/hdr.pdf},
	abstract = {Ce m{\'e}moire se place dans l'{\'e}tude des
	\emph{mod{\`e}les du calcul continus}.  Nous y
	montrons que la g{\'e}om{\'e}trie plane permet de
	calculer.  Nous d{\'e}finissons un calcul
	g{\'e}om{\'e}trique et utilisons la continuit{\'e}
	de l'espace et du temps pour stocker de
	l'information au point de provoquer des
	accumulations.  \par Dans le monde des automates
	cellulaires, on parle souvent de \emph{particules}
	ou de \emph{signaux} (qui forment des lignes
	discr{\`e}tes sur les diagrammes espace-temps) tant,
	pour analyser une dynamique que, pour concevoir des
	automates cellulaires particuliers.  Le point de
	d{\'e}part de nos travaux est d'envisager des
	versions continues de ces signaux.  Nous
	d{\'e}finissons un mod{\`e}le de calcul continu, les
	\emph{machines {\`a} signaux}, qui engendre des
	figures g{\'e}om{\'e}triques suivant des r{\`e}gles
	strictes.  Ce mod{\`e}le peut se comprendre comme
	une extension continue des automates cellulaires.
	Le m{\'e}moire commence par une pr{\'e}sentation des
	automates cellulaires et des particules.  Nous
	faisons ensuite une classification des
	diff{\'e}rents mod{\`e}les de calcul existants et
	mettons en valeur leurs aspects discrets et
	continus.  {\`A} notre connaissance, notre
	mod{\`e}le est le seul {\`a} temps et espace
	continus mais {\`a} valeurs et mises {\`a} jour
	discr{\`e}tes.  \smallskip \par Dans la premi{\`e}re
	partie du m{\'e}moire, nous pr{\'e}sentons ce
	mod{\`e}le, les machines {\`a} signaux, et montrons
	comment y mener tout calcul au sens de Turing (par
	la simulation de tout automate {\`a} deux
	compteurs).  Nous montrons comment modifier une
	machine de mani{\`e}re {\`a} r{\'e}aliser des
	transformations g{\'e}om{\'e}triques (translations,
	homoth{\'e}ties) sur les diagrammes engendr{\'e}s.
	Nous construisons {\'e}galement les it{\'e}rations
	automatiques de ces constructions de mani{\`e}re
	{\`a} contracter le calcul {\`a} une bande (espace
	born{\'e}) puis, {\`a} un triangle (temps
	{\'e}galement born{\'e}).  \par Dans la seconde
	partie du m{\'e}moire, nous cherchons {\`a}
	caract{\'e}riser les points d'accumulation.  Nous
	reformulons de mani{\`e}re topologique les
	diagrammes espace-temps: pour chaque position, la
	valeur doit correspondre au voisinage sur un ouvert
	suffisamment petit.  Muni de cet outil, nous
	regardons les plus simples accumulations possibles
	(les singularit{\'e}s isol{\'e}es) et proposons un
	crit{\`e}re pour y prolonger le calcul; mais le
	d{\'e}terminisme peut {\^e}tre perdu dans le
	c{\^o}ne d'influence.  Enfin, en construisant pour
	tout automate {\`a} deux compteurs une machine {\`a}
	signaux et une configuration initiale simulant
	l'automate pour toutes les valeurs possibles, nous
	montrons que le probl{\`e}me de la pr{\'e}vision de
	l'apparition d'une accumulation est
	$\Sigma_2^0$-complet.  \smallskip \par Le
	m{\'e}moire se conclut par la pr{\'e}sentation de
	nombreuses perspectives de recherches.  },
	keywords = {Automates cellulaires; g{\'e}om{\'e}trie; mod{\`e}le du
	calcul continu; machine {\`a} signaux et signaux},
	language = {french}
}